%YAML 1.1
%TAG !u! tag:unity3d.com,2011:
--- !u!1 &156198
GameObject:
  m_ObjectHideFlags: 0
  m_PrefabParentObject: {fileID: 0}
  m_PrefabInternal: {fileID: 100100000}
  serializedVersion: 4
  m_Component:
  - 4: {fileID: 449526}
  m_Layer: 0
  m_Name: PlayerSpawn
  m_TagString: Untagged
  m_Icon: {fileID: 0}
  m_NavMeshLayer: 0
  m_StaticEditorFlags: 0
  m_IsActive: 1
--- !u!1 &185786
GameObject:
  m_ObjectHideFlags: 0
  m_PrefabParentObject: {fileID: 0}
  m_PrefabInternal: {fileID: 100100000}
  serializedVersion: 4
  m_Component:
  - 4: {fileID: 405340}
  - 114: {fileID: 11476120}
  - 114: {fileID: 11479180}
  - 131: {fileID: 13169148}
  m_Layer: 0
  m_Name: GameManagerPrefab
  m_TagString: Untagged
  m_Icon: {fileID: 0}
  m_NavMeshLayer: 0
  m_StaticEditorFlags: 0
  m_IsActive: 1
--- !u!4 &405340
Transform:
  m_ObjectHideFlags: 1
  m_PrefabParentObject: {fileID: 0}
  m_PrefabInternal: {fileID: 100100000}
  m_GameObject: {fileID: 185786}
  m_LocalRotation: {x: 0, y: 0, z: 0, w: 1}
  m_LocalPosition: {x: 0, y: 0, z: 0}
  m_LocalScale: {x: 1, y: 1, z: 1}
  m_Children:
  - {fileID: 449526}
  m_Father: {fileID: 0}
  m_RootOrder: 0
--- !u!4 &449526
Transform:
  m_ObjectHideFlags: 1
  m_PrefabParentObject: {fileID: 0}
  m_PrefabInternal: {fileID: 100100000}
  m_GameObject: {fileID: 156198}
  m_LocalRotation: {x: 0, y: 0, z: 0, w: 1}
  m_LocalPosition: {x: 0, y: 0, z: -0.614}
  m_LocalScale: {x: 1, y: 1, z: 1}
  m_Children: []
  m_Father: {fileID: 405340}
  m_RootOrder: 0
--- !u!114 &11476120
MonoBehaviour:
  m_ObjectHideFlags: 1
  m_PrefabParentObject: {fileID: 0}
  m_PrefabInternal: {fileID: 100100000}
  m_GameObject: {fileID: 185786}
  m_Enabled: 1
  m_EditorHideFlags: 0
  m_Script: {fileID: 11500000, guid: 523ea3709b8906c4c8c72a521d2533f5, type: 3}
  m_Name: 
  m_EditorClassIdentifier: 
  playerSpawnPoint: {fileID: 449526}
  playerPrefab: {fileID: 144664, guid: 0c73e2d2acdbb1d4a8417c0a9a923bd4, type: 2}
  cameraPrefab: {fileID: 166502, guid: 97aebd68949203e40b36521c7485a32d, type: 2}
  mainCam: {fileID: 0}
  chunkSprayer: {fileID: 0}
  hydraBaseStation: {fileID: 0}
  oopsCounter: {fileID: 0}
  maxmimumOopsAllowed: 100
  staticTrackers: []
  dismemberClips:
  - {fileID: 8300000, guid: 5e5a329c4cc9e784780da4827af7e6a0, type: 3}
  - {fileID: 8300000, guid: f2c2194b696bf064f8b440ecb20440b2, type: 3}
  - {fileID: 8300000, guid: d549c78324a59024f873940bbb6fe93e, type: 3}
  - {fileID: 8300000, guid: 4fd14598d385c874583e0d5735073039, type: 3}
  - {fileID: 8300000, guid: 4f5cb52e9af139840b4116b2162fd465, type: 3}
  - {fileID: 8300000, guid: 007f49d0f9b0377449c705de2e00e6e0, type: 3}
  - {fileID: 8300000, guid: 93d2aa85555dda847bb5d82e9890ee0c, type: 3}
  - {fileID: 8300000, guid: 456b725f1e97d3c459a3a3c5565ac2ce, type: 3}
  - {fileID: 8300000, guid: 63a891748e4aff74a8bdeb4d1e2ef63d, type: 3}
  - {fileID: 8300000, guid: 2d7d0d9aedf49e94ea68213e25f04109, type: 3}
  - {fileID: 8300000, guid: c903c9792ed361f4dae7ed4f033e373c, type: 3}
  - {fileID: 8300000, guid: a1a3bdb49e455514eacaadec397b6708, type: 3}
  - {fileID: 8300000, guid: cc8fe73351dad3541a53f03924ab1963, type: 3}
  - {fileID: 8300000, guid: 49eed4e14292a894aa10538c97454704, type: 3}
  - {fileID: 8300000, guid: ee3d4d4ec3ab2244e92f59d360b5db09, type: 3}
  choppedClips:
  - {fileID: 8300000, guid: 2ddc114daf5135b42b63ff1a7d0f0518, type: 3}
  - {fileID: 8300000, guid: 520ffc6963b128e4e9f38e06fed087ee, type: 3}
  - {fileID: 8300000, guid: 0b972c0d9c8daba4d9e574e5af67bf40, type: 3}
  - {fileID: 8300000, guid: 42823a65c3ff1a24884e63385668b15e, type: 3}
  - {fileID: 8300000, guid: 8dc0b62162eec934e96e75c186398e01, type: 3}
  - {fileID: 8300000, guid: 3b5ee08ea4794b34caea22fd9182a69c, type: 3}
  - {fileID: 8300000, guid: d291b23a74b9a5d47ae5e31f4785b61a, type: 3}
  - {fileID: 8300000, guid: 4a12d12796e58a6409b3b00792d36bbb, type: 3}
  - {fileID: 8300000, guid: 17e8a137c472d434d9ffc5f0b46eb056, type: 3}
  - {fileID: 8300000, guid: 59ba7c118a0b5ae48914b47b51dc9c3c, type: 3}
  - {fileID: 8300000, guid: 2d13e4da5e22ae64ab4b0595b6b48c16, type: 3}
  - {fileID: 8300000, guid: 6e55a0b2f557fd84484363c028334434, type: 3}
  - {fileID: 8300000, guid: af1bb4987b0e17a4c865416edd69c059, type: 3}
  - {fileID: 8300000, guid: 0ae4d7f21ced1c144bc0738415a7e1e5, type: 3}
  - {fileID: 8300000, guid: 11ab75eb95063334a99ca869d8de85d0, type: 3}
  - {fileID: 8300000, guid: c40e126900e911246abc1f8d910094d8, type: 3}
  - {fileID: 8300000, guid: cddba85d83264da4580a87cbd453036c, type: 3}
  screenFadeTexture: {fileID: 13169148}
  screenFadeTime: 1.5
  screenFading: 0
  fadeTargetColor: {r: 1, g: 0, b: 0, a: 1}
  isTitleScreen: 0
--- !u!114 &11479180
MonoBehaviour:
  m_ObjectHideFlags: 1
  m_PrefabParentObject: {fileID: 0}
  m_PrefabInternal: {fileID: 100100000}
  m_GameObject: {fileID: 185786}
  m_Enabled: 1
  m_EditorHideFlags: 0
  m_Script: {fileID: 11500000, guid: 69e7905fd40276d4cb049288135c6665, type: 3}
  m_Name: 
  m_EditorClassIdentifier: 
  resetTrackingKey: 32
  toggleVRKey: 118
  toggleVRMirroringKey: 109
--- !u!131 &13169148
GUITexture:
  m_ObjectHideFlags: 1
  m_PrefabParentObject: {fileID: 0}
  m_PrefabInternal: {fileID: 100100000}
  m_GameObject: {fileID: 185786}
  m_Enabled: 1
  m_Texture: {fileID: 2800000, guid: ee1d8d82a4d70e5459e5ba32289059bc, type: 3}
  m_Color: {r: 0, g: 0.71323526, b: 0.15248473, a: 1}
  m_PixelInset:
    serializedVersion: 2
    x: 0
    y: 0
    width: 0
    height: 0
  m_LeftBorder: 0
  m_RightBorder: 0
  m_TopBorder: 0
  m_BottomBorder: 0
--- !u!1001 &100100000
Prefab:
  m_ObjectHideFlags: 1
  serializedVersion: 2
  m_Modification:
    m_TransformParent: {fileID: 0}
    m_Modifications:
    - target: {fileID: 0}
      propertyPath: choppedClips.Array.size
      value: 17
      objectReference: {fileID: 0}
    - target: {fileID: 0}
      propertyPath: dismemberClips.Array.size
      value: 15
      objectReference: {fileID: 0}
    - target: {fileID: 0}
      propertyPath: cameraPrefab
      value: 
      objectReference: {fileID: 166502, guid: 97aebd68949203e40b36521c7485a32d, type: 2}
    - target: {fileID: 0}
      propertyPath: maxmimumOopsAllowed
      value: 100
      objectReference: {fileID: 0}
    - target: {fileID: 0}
      propertyPath: screenFadeTexture
      value: 
      objectReference: {fileID: 13169148}
    - target: {fileID: 0}
      propertyPath: m_Color.r
      value: 0
      objectReference: {fileID: 0}
    - target: {fileID: 0}
      propertyPath: m_Color.g
      value: 0.71323526
      objectReference: {fileID: 0}
    - target: {fileID: 0}
      propertyPath: m_Color.b
      value: 0.15248473
      objectReference: {fileID: 0}
    - target: {fileID: 0}
      propertyPath: m_Color.a
      value: 1
      objectReference: {fileID: 0}
    - target: {fileID: 0}
      propertyPath: m_Texture
      value: 
      objectReference: {fileID: 2800000, guid: ee1d8d82a4d70e5459e5ba32289059bc, type: 3}
    - target: {fileID: 0}
      propertyPath: resetTrackingKey
      value: 32
      objectReference: {fileID: 0}
    m_RemovedComponents: []
  m_ParentPrefab: {fileID: 0}
  m_RootGameObject: {fileID: 185786}
  m_IsPrefabParent: 1
